/Users/hollizecksebastian/Documents/MyBibLatex.bib